<record><leader>00000cas a22000007a 4500</leader><controlfield tag="001">16932649</controlfield><controlfield tag="008">871103d18uu1865ohuwr ne      0    0eng d</controlfield><datafield ind1=" " ind2=" " tag="010"><subfield code="a">sn 87076802 </subfield></datafield><datafield ind1=" " ind2=" " tag="040"><subfield code="a">ONP</subfield><subfield code="b">eng</subfield><subfield code="c">ONP</subfield><subfield code="d">OCL</subfield><subfield code="d">OCLCQ</subfield><subfield code="d">OCLCF</subfield><subfield code="d">OCLCO</subfield></datafield><datafield ind1=" " ind2=" " tag="042"><subfield code="a">msc</subfield></datafield><datafield ind1=" " ind2=" " tag="043"><subfield code="a">n-us-oh</subfield></datafield><datafield ind1="0" ind2="0" tag="245"><subfield code="a">Ohio weekly bulletin.</subfield></datafield><datafield ind1=" " ind2=" " tag="260"><subfield code="a">Van Wert, Van Wert County, Ohio :</subfield><subfield code="b">R.B. Encell</subfield></datafield><datafield ind1=" " ind2=" " tag="300"><subfield code="a">v.</subfield></datafield><datafield ind1=" " ind2=" " tag="310"><subfield code="a">Weekly</subfield></datafield><datafield ind1="0" ind2=" " tag="362"><subfield code="a">-v. 5, no. 45, whole no. 252 (Feb. 8, 1865).</subfield></datafield><datafield ind1=" " ind2=" " tag="588"><subfield code="a">Description based on: Vol. 2, no. 46 (Feb. 19, 1862).</subfield></datafield><datafield ind1=" " ind2="0" tag="651"><subfield code="a">Van Wert (Ohio)</subfield><subfield code="v">Newspapers.</subfield></datafield><datafield ind1=" " ind2="0" tag="651"><subfield code="a">Van Wert County (Ohio)</subfield><subfield code="v">Newspapers.</subfield></datafield><datafield ind1=" " ind2="7" tag="655"><subfield code="a">Newspapers.</subfield><subfield code="2">fast</subfield><subfield code="0">(OCoLC)fst01423814</subfield></datafield><datafield ind1=" " ind2="7" tag="651"><subfield code="a">Ohio</subfield><subfield code="z">Van Wert.</subfield><subfield code="2">fast</subfield><subfield code="0">(OCoLC)fst01223441</subfield></datafield><datafield ind1=" " ind2="7" tag="651"><subfield code="a">Ohio</subfield><subfield code="z">Van Wert County.</subfield><subfield code="2">fast</subfield><subfield code="0">(OCoLC)fst01222615</subfield></datafield><datafield ind1=" " ind2=" " tag="752"><subfield code="a">United States</subfield><subfield code="b">Ohio</subfield><subfield code="c">Van Wert</subfield><subfield code="d">Van Wert.</subfield></datafield><datafield ind1="0" ind2="0" tag="780"><subfield code="t">National American (Van Wert, Ohio)</subfield></datafield><datafield ind1="0" ind2="0" tag="785"><subfield code="t">Van Wert weekly bulletin (Van Wert, Ohio : 1868)</subfield><subfield code="w">(DLC)sn 86079059</subfield></datafield></record>